% @online{timeenergy,
%     author = "TIME",
%     title = "The Surprisingly Large Energy Footprint of the Digital Economy",
%     url  = "https://science.time.com/2013/08/14/power-drain-the-digital-cloud-is-using-more-energy-than-you-think",
%     addendum = "(accessed: 08.09.2020)"
% }

% @online{webcomplexity,
%     author = "Tom Dale",
%     title = "JavaScript Frameworks and Mobile Performance",
%     url  = "https://tomdale.net/2015/11/javascript-frameworks-and-mobile-performance/",
%     addendum = "(accessed: 25.09.2020)"
% }

% @online{bloatedweb,
%     author = "Juan Ambriz",
%     title = "Front-end Frameworks: Solutions or Bloated Problems?",
%     url = "https://www.toptal.com/javascript/are-big-front-end-frameworks-bad"
% }


% @online{improvewebspeed,
%     author = "William Craig",
%     title = "A Modern Approach to Improving Website Speed",
%     url  = "https://www.webfx.com/blog/web-design/improve-website-speed/",
%     addendum = "(accessed: 14.09.2020)"
% }